@misc{2022Hospitalization,
  title = {Hospitalization {{Nowcast Hub}}},
  year = {2022},
  month = oct,
  howpublished = {KITmetricslab}
}

@misc{2022Nowcasts,
  title = {Nowcasts Der {{COVID-19 Hospitalisierungsinzidenz}}},
  year = {2022},
  howpublished = {https://covid19nowcasthub.de/}
}

@article{Akhmetzhanov2021Estimation,
  title = {Estimation of Delay-Adjusted All-Cause Excess Mortality in the {{USA}}: {{March-December}} 2020.},
  author = {Akhmetzhanov, Andrei R.},
  year = {2021},
  journal = {Epidemiology and Infection},
  doi = {10.1017/s0950268821001527},
  pmid = {34210370}
}

@article{AnDerHeiden2020Schatzung,
  title = {Sch\"atzung Der Aktuellen {{Entwicklung}} Der {{SARS-CoV-2- Epidemie}} in {{Deutschland}} \textendash{} {{Nowcasting}}},
  author = {An Der Heiden, Matthias and Hamouda, Osamah},
  year = {2020},
  month = apr,
  journal = {Epidemiologisches Bulletin},
  publisher = {{Robert Koch-Institut}},
  doi = {10.25646/6692.4},
  collaborator = {{Koch-Institut}, Robert and {Koch-Institut}, Robert},
  copyright = {(CC BY 3.0 DE) Namensnennung 3.0 Deutschland,},
  keywords = {610 Medizin und Gesundheit,Infektionszahl,Modellierung,Nowcast,Reproduktionszahl,SARS-CoV-2}
}

@article{Bastos2019Modelling,
  title = {A Modelling Approach for Correcting Reporting Delays in Disease Surveillance Data},
  author = {Bastos, Leonardo S and Economou, Theodoros and Gomes, Marcelo F C and Villela, Daniel A M and Coelho, Flavio C and Cruz, Oswaldo G and Stoner, Oliver and Bailey, Trevor and Code{\c c}o, Claudia T},
  year = {2019},
  journal = {Statistics in Medicine},
  volume = {38},
  number = {22},
  pages = {4363--4377},
  issn = {1097-0258},
  doi = {10.1002/sim.8303},
  langid = {english},
  keywords = {Bayesian hierarchical model,dengue,INLA,reporting delay,SARI}
}

@misc{Bracher2021Comparison,
  title = {Comparison and Combination of {{COVID-19}} Hospitalization Nowcasts in {{Germany}}},
  author = {Bracher, Johannes and Wolffram, Daniel},
  year = {2021},
  month = nov
}

@article{Bracher2021Preregistered,
  title = {A Pre-Registered Short-Term Forecasting Study of {{COVID-19}} in {{Germany}} and {{Poland}} during the Second Wave},
  author = {Bracher, J. and Wolffram, D. and Deuschel, J. and G{\"o}rgen, K. and Ketterer, J. L. and Ullrich, A. and Abbott, S. and Barbarossa, M. V. and Bertsimas, D. and Bhatia, S. and Bodych, M. and Bosse, N. I. and Burgard, J. P. and Castro, L. and Fairchild, G. and Fuhrmann, J. and Funk, S. and Gogolewski, K. and Gu, Q. and Heyder, S. and Hotz, T. and Kheifetz, Y. and Kirsten, H. and Krueger, T. and Krymova, E. and Li, M. L. and Meinke, J. H. and Michaud, I. J. and Niedzielewski, K. and O{\.z}a{\'n}ski, T. and Rakowski, F. and Scholz, M. and Soni, S. and Srivastava, A. and Zieli{\'n}ski, J. and Zou, D. and Gneiting, T. and Schienle, M.},
  year = {2021},
  month = aug,
  journal = {Nature Communications},
  volume = {12},
  number = {1},
  pages = {5173},
  publisher = {{Nature Publishing Group}},
  issn = {2041-1723},
  doi = {10.1038/s41467-021-25207-0},
  copyright = {2021 The Author(s)},
  langid = {english},
  keywords = {Computational models,Epidemiology,own_publication,SARS-CoV-2,Statistics}
}

@article{Cauchemez2006Realtime,
  title = {Real-Time {{Estimates}} in {{Early Detection}} of {{SARS}}},
  author = {Cauchemez, Simon and B{\"o}elle, Pierre-Yves and Donnelly, Christl A. and Ferguson, Neil M. and Thomas, Guy and Leung, Gabriel M. and Hedley, A. J. and Anderson, Roy M. and Valleron, Alain-Jacques},
  year = {2006},
  journal = {Emerging infectious diseases},
  doi = {10.3201/eid1201.050593}
}

@article{DeNicola2022Regional,
  title = {Regional Now- and Forecasting for Data Reported with Delay: Toward Surveillance of {{COVID-19}} Infections},
  shorttitle = {Regional Now- and Forecasting for Data Reported with Delay},
  author = {De Nicola, Giacomo and Schneble, Marc and Kauermann, G{\"o}ran and Berger, Ursula},
  year = {2022},
  month = jan,
  journal = {AStA Advances in Statistical Analysis},
  issn = {1863-818X},
  doi = {10.1007/s10182-021-00433-5},
  langid = {english}
}

@article{Desai2019Realtime,
  title = {Real-Time {{Epidemic Forecasting}}: {{Challenges}} and {{Opportunities}}},
  shorttitle = {Real-Time {{Epidemic Forecasting}}},
  author = {Desai, Angel N. and Kraemer, Moritz U. G. and Bhatia, Sangeeta and Cori, Anne and Nouvellet, Pierre and Herringer, Mark and Cohn, Emily L. and Carrion, Malwina and Brownstein, John S. and Madoff, Lawrence C. and Lassmann, Britta},
  year = {2019},
  month = aug,
  journal = {Health Security},
  volume = {17},
  number = {4},
  pages = {268--275},
  publisher = {{Mary Ann Liebert, Inc., publishers}},
  issn = {2326-5094},
  doi = {10.1089/hs.2019.0022},
  keywords = {Disease modeling,Epidemic management/response,Infectious diseases,Surveillance}
}

@article{DeSalazar2022Realtime,
  title = {Near Real-Time Surveillance of the {{SARS-CoV-2}} Epidemic with Incomplete Data},
  author = {De Salazar, Pablo M. and De Salazar, P M and Lu, Fred and Hay, James A. and {G{\'o}mez-Barroso}, Diana and {Fern{\'a}ndez-Navarro}, Pablo and Mart{\'i}nez, E. V. and {Jenaro Astray-Mochales} and {Roc\'io Amillategui} and {Ana Garc\'ia-Fulgueiras} and {Maria D Chirlaque} and {Alonso S\'anchez-Migall\'on} and Larrauri, Amparo and {Mar\'ia J Sierra} and Lipsitch, Marc and {Fernando Sim\'on} and Santillana, Mauricio and {Miguel A Hern\'an}},
  year = {2022},
  month = mar,
  journal = {PLOS Computational Biology},
  volume = {18},
  number = {3},
  pages = {e1009964-e1009964},
  doi = {10.1371/journal.pcbi.1009964},
  pmid = {35358171}
}

@article{Faes2020Time,
  title = {Time between {{Symptom Onset}}, {{Hospitalisation}} and {{Recovery}} or {{Death}}: {{Statistical Analysis}} of {{Belgian COVID-19 Patients}}},
  shorttitle = {Time between {{Symptom Onset}}, {{Hospitalisation}} and {{Recovery}} or {{Death}}},
  author = {Faes, Christel and Abrams, Steven and Van Beckhoven, Dominique and Meyfroidt, Geert and Vlieghe, Erika and Hens, Niel and {Belgian Collaborative Group on COVID-19 Hospital Surveillance}},
  year = {2020},
  month = jan,
  journal = {International Journal of Environmental Research and Public Health},
  volume = {17},
  number = {20},
  pages = {7560},
  publisher = {{Multidisciplinary Digital Publishing Institute}},
  issn = {1660-4601},
  doi = {10.3390/ijerph17207560},
  copyright = {http://creativecommons.org/licenses/by/3.0/},
  langid = {english},
  keywords = {COVID-19,length of stay in hospital,symptom onset to hospitalization,truncation and interval-censoring}
}

@article{Farrington1996Statistical,
  title = {A {{Statistical Algorithm}} for the {{Early Detection}} of {{Outbreaks}} of {{Infectious Disease}}},
  author = {Farrington, C. P. and Andrews, Nick and Beale, A. D. and Catchpole, M. A.},
  year = {1996},
  journal = {Journal of The Royal Statistical Society Series A-statistics in Society},
  doi = {10.2307/2983331},
  keywords = {_tablet}
}

@article{Gunther2021Nowcasting,
  title = {Nowcasting the {{COVID-19}} Pandemic in {{Bavaria}}},
  author = {G{\"u}nther, Felix and Bender, Andreas and Katz, Katharina and K{\"u}chenhoff, Helmut and H{\"o}hle, Michael},
  year = {2021},
  journal = {Biometrical Journal},
  volume = {63},
  number = {3},
  pages = {490--502},
  issn = {1521-4036},
  doi = {10.1002/bimj.202000112},
  langid = {english},
  keywords = {Bayes Theorem,Bayesian hierarchical model,COVID-19,epidemic surveillance,Germany,Humans,infectious disease epidemiology,Models; Statistical,nowcasting,Pandemics,Retrospective Studies,ToRM}
}

@article{Hohle2014Bayesian,
  title = {Bayesian Nowcasting during the {{STEC O104}}:{{H4}} Outbreak in {{Germany}}, 2011},
  shorttitle = {Bayesian Nowcasting during the {{STEC O104}}},
  author = {H{\"o}hle, Michael and An Der Heiden, Matthias},
  year = {2014},
  journal = {Biometrics},
  volume = {70},
  number = {4},
  pages = {993--1002},
  issn = {1541-0420},
  doi = {10.1111/biom.12194},
  copyright = {\textcopyright{} 2014, The International Biometric Society},
  langid = {english},
  keywords = {Infectious disease epidemiology,Real-time surveillance,Reporting delay,ToRM,Truncation}
}

@article{JersakovaR2021Bayesian,
  title = {Bayesian Imputation of {{COVID-19}} Positive Test Counts for Nowcasting under Reporting Lag},
  author = {{Jersakova R} and Jersakova, Radka and {James Lomax} and {Lomax J} and Lomax, James and Hetherington, James and {Hetherington J} and {Brieuc Cl Lehmann} and {Brieuc Lehmann} and {Lehmann B} and Lehmann, Brieuc and Nicholson, George and {Mark Briers} and Briers, Mark and {Briers M} and Holmes, Christopher},
  year = {2021},
  journal = {arXiv: Applications}
}

@article{Kaminsky1987Prediction,
  title = {Prediction of {{IBNR}} Claim Counts by Modelling the Distribution of Report Lags},
  author = {Kaminsky, Kenneth S.},
  year = {1987},
  month = apr,
  journal = {Insurance Mathematics \& Economics},
  volume = {6},
  number = {2},
  pages = {151--159},
  doi = {10.1016/0167-6687(87)90024-2}
}

@article{Kline2022Bayesian,
  title = {A {{Bayesian Spatiotemporal Nowcasting Model}} for {{Public Health Decision-Making}} and {{Surveillance}}},
  author = {Kline, David and Hyder, Ayaz and Liu, Enhao and Rayo, Michael and Malloy, Samuel and Root, Elisabeth},
  year = {2022},
  month = may,
  journal = {American Journal of Epidemiology},
  volume = {191},
  number = {6},
  pages = {1107--1115},
  issn = {0002-9262, 1476-6256},
  doi = {10.1093/aje/kwac034},
  langid = {english}
}

@article{Lawless1994Adjustments,
  title = {Adjustments for Reporting Delays and the Prediction of Occurred but Not Reported Events},
  author = {Lawless, J. F.},
  year = {1994},
  journal = {Canadian Journal of Statistics},
  volume = {22},
  number = {1},
  pages = {15--31},
  issn = {1708-945X},
  doi = {10.2307/3315826.n1},
  copyright = {Copyright \textcopyright{} 1994 Statistical Society of Canada},
  langid = {english},
  keywords = {Count data,overdispersion,random effects,ToRM,truncation}
}

@article{Li2021Bayesian,
  title = {Bayesian Back-Calculation and Nowcasting for Line List Data during the {{COVID-19}} Pandemic.},
  author = {Li, Tenglong and White, Laura F.},
  year = {2021},
  journal = {PLOS Computational Biology},
  doi = {10.1371/journal.pcbi.1009210},
  pmid = {34252078}
}

@manual{McGough2020NobBS,
  type = {Manual},
  title = {{{NobBS}}: {{Nowcasting}} by Bayesian Smoothing},
  author = {McGough, Sarah and Menzies, Nicolas and Lipsitch, Marc and Johansson, Michael},
  year = {2020}
}

@article{McGough2020Nowcasting,
  title = {Nowcasting by {{Bayesian Smoothing}}: {{A}} Flexible, Generalizable Model for Real-Time Epidemic Tracking.},
  author = {McGough, Sarah F. and Johansson, Michael A. and Lipsitch, Marc and Menzies, Nicolas A.},
  year = {2020},
  journal = {PLOS Computational Biology},
  doi = {10.1371/journal.pcbi.1007735},
  pmid = {32251464},
  keywords = {FromRM}
}

@article{Midthune2005Modelinga,
  title = {Modeling {{Reporting Delays}} and {{Reporting Corrections}} in {{Cancer Registry Data}}},
  author = {Midthune, Douglas and Fay, Michael P. and Clegg, Limin X. and Feuer, Eric J.},
  year = {2005},
  month = mar,
  journal = {Journal of the American Statistical Association},
  volume = {100},
  number = {469},
  pages = {61--70},
  doi = {10.1198/016214504000001899}
}

@article{Noufaily2015Modelling,
  title = {Modelling Reporting Delays for Outbreak Detection in Infectious Disease Data},
  author = {Noufaily, Angela and {Ghebremichael-Weldeselassie}, Yonas and Enki, Doyo Gragn and Garthwaite, Paul H. and Andrews, Nick and Charlett, Andre and Farrington, Paddy},
  year = {2015},
  journal = {Journal of The Royal Statistical Society Series A-statistics in Society},
  doi = {10.1111/rssa.12055}
}

@article{Ray2020Ensemble,
  title = {Ensemble {{Forecasts}} of {{Coronavirus Disease}} 2019 ({{COVID-19}}) in the {{U}}.{{S}}.},
  author = {Ray, Evan L. and Wattanachit, Nutcha and Niemi, Jarad and Kanji, Abdul Hannan and House, Katie and Cramer, Estee Y. and Bracher, Johannes and Zheng, Andrew and Yamana, Teresa K. and Xiong, Xinyue and Woody, Spencer and Wang, Yuanjia and Wang, Lily and Walraven, Robert L. and Tomar, Vishal and Sherratt, Katherine and Sheldon, Daniel and Reiner, Robert C. and Prakash, B. Aditya and Osthus, Dave and Li, Michael Lingzhi and Lee, Elizabeth C. and Koyluoglu, Ugur and Keskinocak, Pinar and Gu, Youyang and Gu, Quanquan and George, Glover E. and Espa{\~n}a, Guido and Corsetti, Sabrina and Chhatwal, Jagpreet and Cavany, Sean and Biegel, Hannah and {Ben-Nun}, Michal and Walker, Jo and Slayton, Rachel and Lopez, Velma and Biggerstaff, Matthew and Johansson, Michael A. and Reich, Nicholas G. and Consortium, COVID-19 Forecast Hub},
  year = {2020},
  month = aug,
  journal = {medRxiv},
  pages = {2020.08.19.20177493},
  publisher = {{Cold Spring Harbor Laboratory Press}},
  doi = {10.1101/2020.08.19.20177493},
  copyright = {\textcopyright{} 2020, Posted by Cold Spring Harbor Laboratory. This article is a US Government work. It is not subject to copyright under 17 USC 105 and is also made available for use under a CC0 license},
  langid = {english}
}

@article{Renshaw1998Stochastic,
  title = {A Stochastic Model Underlying the Chain-Ladder Technique},
  author = {Renshaw, Arthur E. and Verrall, Richard J.},
  year = {1998},
  journal = {British Actuarial Journal},
  volume = {4},
  number = {4},
  pages = {903--923},
  publisher = {{Cambridge University Press}},
  doi = {10.1017/S1357321700000222}
}

@misc{RobertKoch-Institut2022COVID19Hospitalisierungen,
  title = {{COVID-19-Hospitalisierungen in Deutschland}},
  author = {{Robert Koch-Institut}},
  year = {2022},
  month = feb,
  publisher = {{Zenodo}},
  doi = {10.5281/ZENODO.5519056},
  copyright = {Creative Commons Attribution 4.0 International, Open Access},
  langid = {ngerman},
  keywords = {COVID-19,Deutschland,Forecasting,Germany,Hospitalization,Infections,Infektion,info:ddc/22/de//614.4,info:ddc/22/de//614.42,info:ddc/22/eng//614.4,info:ddc/22/eng//614.42,Krankenhauseinweisung,RKI,SARS-CoV-2,Vorhersage}
}

@misc{RobertKoch-Institut2022Lagebericht2022-01-20,
  title = {W\"ochentlicher {{Lagebericht}} Des {{RKI}} Zur {{Coronavirus-Krankheit-2019}} ({{COVID-19}})},
  author = {{Robert Koch-Institut}},
  year = {2022},
  month = jan
}

@misc{RobertKoch-Institut2022SARSCoV2,
  title = {{SARS-CoV-2 Infektionen in Deutschland}},
  author = {{Robert Koch-Institut}},
  year = {2022},
  month = feb,
  publisher = {{Zenodo}},
  doi = {10.5281/ZENODO.4681153},
  copyright = {Creative Commons Attribution 4.0 International, Open Access},
  langid = {ngerman},
  keywords = {COVID-19,Deutschland,Germany,Infections,Infektion,info:ddc/22/de//614.4,info:ddc/22/de//614.42,info:ddc/22/eng//614.4,info:ddc/22/eng//614.42,RKI,SARS-CoV-2}
}

@misc{RobertKoch-Institut2022Wochentlicher,
  title = {W\"ochentlicher {{Lagebericht}} Des {{RKI}} Zur {{Coronavirus-Krankheit-2019}} ({{COVID-19}})},
  author = {{Robert Koch-Institut}},
  year = {2022},
  month = mar
}

@article{Salmon2015Bayesian,
  title = {Bayesian Outbreak Detection in the Presence of Reporting Delays},
  author = {Salmon, Ma{\"e}lle and Schumacher, Dirk and Stark, Klaus and H{\"o}hle, Michael},
  year = {2015},
  journal = {Biometrical Journal},
  doi = {10.1002/bimj.201400159},
  pmid = {26250543},
  keywords = {ToRM}
}

@article{Schneble2021Nowcasting,
  title = {Nowcasting Fatal {{COVID}}-19 Infections on a Regional Level in {{Germany}}},
  author = {Schneble, Marc and De Nicola, Giacomo and Kauermann, G{\"o}ran and Berger, Ursula},
  year = {2021},
  month = mar,
  journal = {Biometrical Journal},
  volume = {63},
  number = {3},
  pages = {471--489},
  issn = {0323-3847, 1521-4036},
  doi = {10.1002/bimj.202000143},
  langid = {english},
  keywords = {ToRM}
}

@article{Sy2021Machine,
  title = {A Machine Learning Model for Nowcasting Epidemic Incidence.},
  author = {Sy, Sahai and Gurukar, Saket and KhudaBukhsh, Wasiur R. and Parthasarathy, Srinivasan and Rempala, Grzegorz A.},
  year = {2021},
  month = apr,
  journal = {Bellman Prize in Mathematical Biosciences},
  pages = {108677},
  doi = {10.1016/j.mbs.2021.108677},
  pmcid = {8635898},
  pmid = {34848217}
}

@article{vandeKassteele2019Nowcasting,
  title = {Nowcasting the Number of New Symptomatic Cases during Infectious Disease Outbreaks Using Constrained P-Spline Smoothing},
  author = {{van de Kassteele}, Jan and {van de Kassteele}, Jan and {van de Kassteele}, Jan and Eilers, Paul H. C. and Eilers, Paul H C and Wallinga, Jacco},
  year = {2019},
  journal = {Epidemiology (Cambridge, Mass.)},
  doi = {10.1097/ede.0000000000001050},
  mag_id = {2950881544},
  pmcid = {null},
  pmid = {31205290},
  keywords = {ToRM}
}

@article{Wallinga2004Different,
  title = {Different {{Epidemic Curves}} for {{Severe Acute Respiratory Syndrome Reveal Similar Impacts}} of {{Control Measures}}},
  author = {Wallinga, J. and Teunis, Peter},
  year = {2004},
  month = sep,
  journal = {American Journal of Epidemiology},
  volume = {160},
  number = {6},
  pages = {509--516},
  issn = {0002-9262},
  doi = {10.1093/aje/kwh255},
  langid = {english}
}

@article{Zeger1989Statistical,
  title = {Statistical Methods for Monitoring the {{AIDS}} Epidemic},
  author = {Zeger, Scott L. and See, Lai-Chu and Diggle, Peter J.},
  year = {1989},
  journal = {Statistics in Medicine},
  volume = {8},
  number = {1},
  pages = {3--21},
  publisher = {{Wiley Online Library}},
  doi = {10.1002/sim.4780080104},
  keywords = {_tablet}
}
